<?xml version="1.0" encoding="UTF-8"?><collection xmlns="http://www.loc.gov/MARC21/slim"><record><leader>00679nam--2200181-i-4500</leader><controlfield tag="001">000017345</controlfield><controlfield tag="002">20161230</controlfield><controlfield tag="005">20161230201032</controlfield><controlfield tag="008">060222s1000------------r-----000-0-eng-d</controlfield><datafield ind1=" " ind2=" " tag="040"><subfield code="a">IFIN-HH</subfield></datafield><datafield ind1=" " ind2=" " tag="080"><subfield code="a">52:539.14(061.3)</subfield></datafield><datafield ind1="1" ind2=" " tag="100"><subfield code="a">Buballa, M. /S.A.</subfield></datafield><datafield ind1="1" ind2="0" tag="245"><subfield code="a">Hirschegg 98 : nuclear astrophysics</subfield><subfield code="b">Proceedings of the international workshop xxvi on gross properties of nuclei and nuclear excitations hirschegg, austria, ajnuary 11-17, 1998</subfield><subfield code="c">B. buballa, w. norenberg, j. wambach, a. wirzba (eds.)</subfield></datafield><datafield ind1=" " ind2=" " tag="260"><subfield code="a">Darmstadt</subfield><subfield code="b">Gesselschaft Fur Schewerionenforschung</subfield><subfield code="c">1998</subfield></datafield><datafield ind1=" " ind2=" " tag="300"><subfield code="a">402 P</subfield></datafield><datafield ind1="1" ind2=" " tag="700"><subfield code="a">Wirzba, A</subfield><subfield code="e">Ed</subfield></datafield><datafield ind1=" " ind2=" " tag="852"><subfield code="a">80867</subfield><subfield code="c">523</subfield></datafield><datafield ind1=" " ind2=" " tag="CAT"><subfield code="a">Sys</subfield><subfield code="c">20141210</subfield><subfield code="h">144935</subfield></datafield></record></collection>